@book{Stakem,
author="Patrick H. Stakem",
title="4- and 8-bit Microprocessors Architecture and History",
publisher="PRRB Publishing",
year=" 2013",
}

@book{COLDWIN,
author="Coldwind, G.",
title="Zrozumieć programowanie",
publisher="Wydawnictwo Naukowe PWN",
year="2015",
}

@book{PETZOLD,
author="Petzold, Ch.",
title="Code: The Hidden Language",
publisher="Microsoft Press",
year="2002",
}

@book{CORMEN,
author="Cormen, Th. H. and Leiserson, Ch. E. and Rivest, R. L.",
title="Wprowadzenie do Algorytm{\'{o}}w",
publisher="Massachusetts Institute of Technology",
year="2002",
}

@book{WOZNIAK,
author="Woźniak, D.",
title="TDD. Techniki programowania sterowanego testami",
publisher="Helion",
year="2018",
}

@book{RICHARDS,
author="Mark Richards",
title="Software Architecture Patterns",
publisher="O'Reilly Media, Inc.",
year="2015",
}

@article{POPEK, 
author="Popek, G. J. and Goldberg, R. P.",
title="Formal Requirements for Virtualizable Third Generation Architectures",
journal="Association for Computing Machinery",
year="1974",
}

@article{JAMES,
author="James, E.",
title="The Architecture of Virtual Machines",
journal="IEEE Computer Society",
year="2005",
}

@online{EDWARDS,
author="Edwards, B, Internet:",
note= "Rediscovering History's Lost First Female Video Game Designer",
url="https://www.fastcompany.com/90147592/rediscovering-historys-lost-first-female-video-game-designer",
title="https://www.fastcompany.com/90147592/rediscovering-historys-lost-first-female-video-game-designer",
year="2017",
}

@online{REITZ,
author="Reitz, K, Internet:",
note="Pipenv: Python Dev Workflow for Humans",
url="https://pipenv.readthedocs.io/en/latest/",
title="https://pipenv.readthedocs.io/en/latest/",
year="2017",
}

@online{Trybulec,
note="Diagramy klas UML",
author="Trybulec, K, Internet:",
url="https://www.p-programowanie.pl/uml/diagramy-klas-uml/",
title="https://www.p-programowanie.pl/uml/diagramy-klas-uml/",
year="2017",
}

@online{ARGPARSE,
author="Python Software Foundation, Internet:",
note="Argparse — Parser for command-line options, arguments and sub-commands",
title="https://docs.python.org/3/library/argparse.html",
url="https://docs.python.org/3/library/argparse.html",
year="2001-2017",
}

@online{COWGOD,
author="Cowgod, Internet:",
url="http://devernay.free.fr/hacks/chip8/C8TECH10.HTM",
title="http://devernay.free.fr/hacks/chip8/C8TECH10.HTM",
note="Cowgod's Chip-8 Technical Reference",
year="1997",
}

@online{PYTEST,
author="Krekel, H., Internet:",
url="https://docs.pytest.org/en/latest/contents.html",
title="https://docs.pytest.org/en/latest/contents.html",
note="Pytest documentation"
year="2015-2019",
}

@online{TKINTER,
author="Python Software Foundation, Internet:",
url="https://docs.python.org/3/library/tk.html",
title="https://docs.python.org/3/library/tk.html",
note="Graphical User Interfaces with Tk",
year="2019",
}

@online{MOCK,
author="Python Software Foundation, Internet:",
url="https://docs.python.org/3/library/unittest.mock.html",
title="https://docs.python.org/3/library/unittest.mock.html",
note="Python3 unittest.mock documentation",
year="2019 last update",}


@techraport{ROSENTHAL,
author="Rosenthal, D. S. H.",
title="Emulation \& Virtualization as Preservation Strategies",
institution="LOCKSS Program, Stanford University Libraries",
year="2015",
}

@techraport{SCHWARZ,
author="Schwarz, B. and  Debray, S. and Andrews, G.",
title="Disassembly of Executable Code Revisited",
institution="University of Arizona",
year="2002",
}

@manual{COMMODORE,
title="COMMODORE 64 PROGRAMMER'S REFERENCE GUIDE",
year="1982",
organization="Commodore Buisness Machines, Inc. and Howards W. Sams and Co., Inc"
}

@manual{INTEL,
title="Intel 64 and IA-32 Architectures Software Developer’s Manual",
organization="Intel Corporation",
year="2016",
}

@manual{COSMAC,
title="RCA COSMAC VIP CDP18S711 Instruction Manual",
organization="RCA Corporation",
year="1978",
}
